%YAML 1.1
%TAG !u! tag:unity3d.com,2011:
--- !u!29 &1
OcclusionCullingSettings:
  m_ObjectHideFlags: 0
  serializedVersion: 2
  m_OcclusionBakeSettings:
    smallestOccluder: 5
    smallestHole: 0.25
    backfaceThreshold: 100
  m_SceneGUID: 00000000000000000000000000000000
  m_OcclusionCullingData: {fileID: 0}
--- !u!104 &2
RenderSettings:
  m_ObjectHideFlags: 0
  serializedVersion: 9
  m_Fog: 0
  m_FogColor: {r: 0.4, g: 0.42352942, b: 0.44313726, a: 0.6039216}
  m_FogMode: 2
  m_FogDensity: 0.001
  m_LinearFogStart: 0
  m_LinearFogEnd: 600
  m_AmbientSkyColor: {r: 0.212, g: 0.227, b: 0.259, a: 1}
  m_AmbientEquatorColor: {r: 0.114, g: 0.125, b: 0.133, a: 1}
  m_AmbientGroundColor: {r: 0.047, g: 0.043, b: 0.035, a: 1}
  m_AmbientIntensity: 1
  m_AmbientMode: 0
  m_SubtractiveShadowColor: {r: 0.42, g: 0.478, b: 0.627, a: 1}
  m_SkyboxMaterial: {fileID: 10304, guid: 0000000000000000f000000000000000, type: 0}
  m_HaloStrength: 0.25
  m_FlareStrength: 0.25
  m_FlareFadeSpeed: 3
  m_HaloTexture: {fileID: 0}
  m_SpotCookie: {fileID: 10001, guid: 0000000000000000e000000000000000, type: 0}
  m_DefaultReflectionMode: 0
  m_DefaultReflectionResolution: 128
  m_ReflectionBounces: 1
  m_ReflectionIntensity: 1
  m_CustomReflection: {fileID: 0}
  m_Sun: {fileID: 0}
  m_IndirectSpecularColor: {r: 0.18335944, g: 0.22719002, b: 0.29577962, a: 1}
  m_UseRadianceAmbientProbe: 0
--- !u!157 &4
LightmapSettings:
  m_ObjectHideFlags: 0
  serializedVersion: 12
  m_GIWorkflowMode: 0
  m_GISettings:
    serializedVersion: 2
    m_BounceScale: 1
    m_IndirectOutputScale: 1
    m_AlbedoBoost: 1
    m_EnvironmentLightingMode: 0
    m_EnableBakedLightmaps: 0
    m_EnableRealtimeLightmaps: 0
  m_LightmapEditorSettings:
    serializedVersion: 12
    m_Resolution: 2
    m_BakeResolution: 40
    m_AtlasSize: 1024
    m_AO: 0
    m_AOMaxDistance: 1
    m_CompAOExponent: 0
    m_CompAOExponentDirect: 0
    m_ExtractAmbientOcclusion: 0
    m_Padding: 2
    m_LightmapParameters: {fileID: 0}
    m_LightmapsBakeMode: 1
    m_TextureCompression: 1
    m_FinalGather: 0
    m_FinalGatherFiltering: 1
    m_FinalGatherRayCount: 1024
    m_ReflectionCompression: 2
    m_MixedBakeMode: 1
    m_BakeBackend: 0
    m_PVRSampling: 1
    m_PVRDirectSampleCount: 32
    m_PVRSampleCount: 512
    m_PVRBounces: 2
    m_PVREnvironmentSampleCount: 512
    m_PVREnvironmentReferencePointCount: 2048
    m_PVRFilteringMode: 0
    m_PVRDenoiserTypeDirect: 0
    m_PVRDenoiserTypeIndirect: 0
    m_PVRDenoiserTypeAO: 0
    m_PVRFilterTypeDirect: 0
    m_PVRFilterTypeIndirect: 0
    m_PVRFilterTypeAO: 0
    m_PVREnvironmentMIS: 0
    m_PVRCulling: 1
    m_PVRFilteringGaussRadiusDirect: 1
    m_PVRFilteringGaussRadiusIndirect: 5
    m_PVRFilteringGaussRadiusAO: 2
    m_PVRFilteringAtrousPositionSigmaDirect: 0.5
    m_PVRFilteringAtrousPositionSigmaIndirect: 2
    m_PVRFilteringAtrousPositionSigmaAO: 1
    m_ExportTrainingData: 0
    m_TrainingDataDestination: TrainingData
    m_LightProbeSampleCountMultiplier: 4
  m_LightingDataAsset: {fileID: 0}
  m_LightingSettings: {fileID: 4890085278179872738, guid: 23fc757341bcd124797a44f214a75eaf,
    type: 2}
--- !u!196 &5
NavMeshSettings:
  serializedVersion: 2
  m_ObjectHideFlags: 0
  m_BuildSettings:
    serializedVersion: 2
    agentTypeID: 0
    agentRadius: 0.5
    agentHeight: 2
    agentSlope: 45
    agentClimb: 0.4
    ledgeDropHeight: 0
    maxJumpAcrossDistance: 0
    minRegionArea: 2
    manualCellSize: 0
    cellSize: 0.16666667
    manualTileSize: 0
    tileSize: 256
    accuratePlacement: 0
    maxJobWorkers: 0
    preserveTilesOutsideBounds: 0
    debug:
      m_Flags: 0
  m_NavMeshData: {fileID: 0}
--- !u!1001 &73601394
PrefabInstance:
  m_ObjectHideFlags: 0
  serializedVersion: 2
  m_Modification:
    m_TransformParent: {fileID: 0}
    m_Modifications:
    - target: {fileID: 100000, guid: 9485b0c79d11e2e4d0007da98d76c639, type: 3}
      propertyPath: m_IsActive
      value: 0
      objectReference: {fileID: 0}
    - target: {fileID: 400000, guid: 9485b0c79d11e2e4d0007da98d76c639, type: 3}
      propertyPath: m_RootOrder
      value: 5
      objectReference: {fileID: 0}
    - target: {fileID: 400000, guid: 9485b0c79d11e2e4d0007da98d76c639, type: 3}
      propertyPath: m_LocalScale.x
      value: 396.2349
      objectReference: {fileID: 0}
    - target: {fileID: 400000, guid: 9485b0c79d11e2e4d0007da98d76c639, type: 3}
      propertyPath: m_LocalScale.y
      value: 396.23538
      objectReference: {fileID: 0}
    - target: {fileID: 400000, guid: 9485b0c79d11e2e4d0007da98d76c639, type: 3}
      propertyPath: m_LocalScale.z
      value: 396.23538
      objectReference: {fileID: 0}
    - target: {fileID: 400000, guid: 9485b0c79d11e2e4d0007da98d76c639, type: 3}
      propertyPath: m_LocalPosition.x
      value: 268.1
      objectReference: {fileID: 0}
    - target: {fileID: 400000, guid: 9485b0c79d11e2e4d0007da98d76c639, type: 3}
      propertyPath: m_LocalPosition.y
      value: 0.2
      objectReference: {fileID: 0}
    - target: {fileID: 400000, guid: 9485b0c79d11e2e4d0007da98d76c639, type: 3}
      propertyPath: m_LocalPosition.z
      value: 263.1
      objectReference: {fileID: 0}
    - target: {fileID: 400000, guid: 9485b0c79d11e2e4d0007da98d76c639, type: 3}
      propertyPath: m_LocalRotation.w
      value: 1
      objectReference: {fileID: 0}
    - target: {fileID: 400000, guid: 9485b0c79d11e2e4d0007da98d76c639, type: 3}
      propertyPath: m_LocalRotation.x
      value: -0
      objectReference: {fileID: 0}
    - target: {fileID: 400000, guid: 9485b0c79d11e2e4d0007da98d76c639, type: 3}
      propertyPath: m_LocalRotation.y
      value: -0
      objectReference: {fileID: 0}
    - target: {fileID: 400000, guid: 9485b0c79d11e2e4d0007da98d76c639, type: 3}
      propertyPath: m_LocalRotation.z
      value: -0
      objectReference: {fileID: 0}
    m_RemovedComponents: []
  m_SourcePrefab: {fileID: 100100000, guid: 9485b0c79d11e2e4d0007da98d76c639, type: 3}
--- !u!1 &73601395 stripped
GameObject:
  m_CorrespondingSourceObject: {fileID: 100000, guid: 9485b0c79d11e2e4d0007da98d76c639,
    type: 3}
  m_PrefabInstance: {fileID: 73601394}
  m_PrefabAsset: {fileID: 0}
--- !u!1001 &334540251
PrefabInstance:
  m_ObjectHideFlags: 0
  serializedVersion: 2
  m_Modification:
    m_TransformParent: {fileID: 0}
    m_Modifications:
    - target: {fileID: 100000, guid: 780611a67e8e941a2b3aa96e5915a793, type: 3}
      propertyPath: m_IsActive
      value: 1
      objectReference: {fileID: 0}
    - target: {fileID: 400000, guid: 780611a67e8e941a2b3aa96e5915a793, type: 3}
      propertyPath: m_RootOrder
      value: 7
      objectReference: {fileID: 0}
    - target: {fileID: 400000, guid: 780611a67e8e941a2b3aa96e5915a793, type: 3}
      propertyPath: m_LocalScale.x
      value: 396.2349
      objectReference: {fileID: 0}
    - target: {fileID: 400000, guid: 780611a67e8e941a2b3aa96e5915a793, type: 3}
      propertyPath: m_LocalScale.y
      value: 396.23538
      objectReference: {fileID: 0}
    - target: {fileID: 400000, guid: 780611a67e8e941a2b3aa96e5915a793, type: 3}
      propertyPath: m_LocalScale.z
      value: 396.23538
      objectReference: {fileID: 0}
    - target: {fileID: 400000, guid: 780611a67e8e941a2b3aa96e5915a793, type: 3}
      propertyPath: m_LocalPosition.x
      value: 268.1
      objectReference: {fileID: 0}
    - target: {fileID: 400000, guid: 780611a67e8e941a2b3aa96e5915a793, type: 3}
      propertyPath: m_LocalPosition.y
      value: 0.2
      objectReference: {fileID: 0}
    - target: {fileID: 400000, guid: 780611a67e8e941a2b3aa96e5915a793, type: 3}
      propertyPath: m_LocalPosition.z
      value: 263.1
      objectReference: {fileID: 0}
    - target: {fileID: 400000, guid: 780611a67e8e941a2b3aa96e5915a793, type: 3}
      propertyPath: m_LocalRotation.w
      value: 1
      objectReference: {fileID: 0}
    - target: {fileID: 400000, guid: 780611a67e8e941a2b3aa96e5915a793, type: 3}
      propertyPath: m_LocalRotation.x
      value: -0
      objectReference: {fileID: 0}
    - target: {fileID: 400000, guid: 780611a67e8e941a2b3aa96e5915a793, type: 3}
      propertyPath: m_LocalRotation.y
      value: -0
      objectReference: {fileID: 0}
    - target: {fileID: 400000, guid: 780611a67e8e941a2b3aa96e5915a793, type: 3}
      propertyPath: m_LocalRotation.z
      value: -0
      objectReference: {fileID: 0}
    - target: {fileID: 11400000, guid: 780611a67e8e941a2b3aa96e5915a793, type: 3}
      propertyPath: textureSize
      value: 512
      objectReference: {fileID: 0}
    m_RemovedComponents: []
  m_SourcePrefab: {fileID: 100100000, guid: 780611a67e8e941a2b3aa96e5915a793, type: 3}
--- !u!1 &343384357 stripped
GameObject:
  m_CorrespondingSourceObject: {fileID: 809728082204773947, guid: ccc6e10a430ad2f40b069f39ca221b32,
    type: 3}
  m_PrefabInstance: {fileID: 809728081996476190}
  m_PrefabAsset: {fileID: 0}
--- !u!1 &618519169
GameObject:
  m_ObjectHideFlags: 0
  m_CorrespondingSourceObject: {fileID: 0}
  m_PrefabInstance: {fileID: 0}
  m_PrefabAsset: {fileID: 0}
  serializedVersion: 6
  m_Component:
  - component: {fileID: 618519171}
  - component: {fileID: 618519170}
  m_Layer: 0
  m_Name: Mobile Gameobject Swither
  m_TagString: Untagged
  m_Icon: {fileID: 0}
  m_NavMeshLayer: 0
  m_StaticEditorFlags: 0
  m_IsActive: 1
--- !u!114 &618519170
MonoBehaviour:
  m_ObjectHideFlags: 0
  m_CorrespondingSourceObject: {fileID: 0}
  m_PrefabInstance: {fileID: 0}
  m_PrefabAsset: {fileID: 0}
  m_GameObject: {fileID: 618519169}
  m_Enabled: 1
  m_EditorHideFlags: 0
  m_Script: {fileID: 11500000, guid: ba9acfca122ec774c9f3dd766e96f4c1, type: 3}
  m_Name: 
  m_EditorClassIdentifier: 
  gameobjectsForMobile:
  - {fileID: 73601395}
  gameobjectsForNotMobile:
  - {fileID: 1432446604}
  - {fileID: 343384357}
--- !u!4 &618519171
Transform:
  m_ObjectHideFlags: 0
  m_CorrespondingSourceObject: {fileID: 0}
  m_PrefabInstance: {fileID: 0}
  m_PrefabAsset: {fileID: 0}
  m_GameObject: {fileID: 618519169}
  m_LocalRotation: {x: 0, y: 0, z: 0, w: 1}
  m_LocalPosition: {x: 0, y: 0, z: 0}
  m_LocalScale: {x: 1, y: 1, z: 1}
  m_Children: []
  m_Father: {fileID: 0}
  m_RootOrder: 9
  m_LocalEulerAnglesHint: {x: 0, y: 0, z: 0}
--- !u!1001 &839716771
PrefabInstance:
  m_ObjectHideFlags: 0
  serializedVersion: 2
  m_Modification:
    m_TransformParent: {fileID: 0}
    m_Modifications:
    - target: {fileID: 22438304, guid: 427a7510ca915f342b3163b914ddd08e, type: 3}
      propertyPath: m_Pivot.x
      value: 0
      objectReference: {fileID: 0}
    - target: {fileID: 22438304, guid: 427a7510ca915f342b3163b914ddd08e, type: 3}
      propertyPath: m_Pivot.y
      value: 0
      objectReference: {fileID: 0}
    - target: {fileID: 22438304, guid: 427a7510ca915f342b3163b914ddd08e, type: 3}
      propertyPath: m_RootOrder
      value: 2
      objectReference: {fileID: 0}
    - target: {fileID: 22438304, guid: 427a7510ca915f342b3163b914ddd08e, type: 3}
      propertyPath: m_AnchorMax.x
      value: 0
      objectReference: {fileID: 0}
    - target: {fileID: 22438304, guid: 427a7510ca915f342b3163b914ddd08e, type: 3}
      propertyPath: m_AnchorMax.y
      value: 0
      objectReference: {fileID: 0}
    - target: {fileID: 22438304, guid: 427a7510ca915f342b3163b914ddd08e, type: 3}
      propertyPath: m_AnchorMin.x
      value: 0
      objectReference: {fileID: 0}
    - target: {fileID: 22438304, guid: 427a7510ca915f342b3163b914ddd08e, type: 3}
      propertyPath: m_AnchorMin.y
      value: 0
      objectReference: {fileID: 0}
    - target: {fileID: 22438304, guid: 427a7510ca915f342b3163b914ddd08e, type: 3}
      propertyPath: m_SizeDelta.x
      value: 0
      objectReference: {fileID: 0}
    - target: {fileID: 22438304, guid: 427a7510ca915f342b3163b914ddd08e, type: 3}
      propertyPath: m_SizeDelta.y
      value: 0
      objectReference: {fileID: 0}
    - target: {fileID: 22438304, guid: 427a7510ca915f342b3163b914ddd08e, type: 3}
      propertyPath: m_LocalPosition.x
      value: 0
      objectReference: {fileID: 0}
    - target: {fileID: 22438304, guid: 427a7510ca915f342b3163b914ddd08e, type: 3}
      propertyPath: m_LocalPosition.y
      value: 0
      objectReference: {fileID: 0}
    - target: {fileID: 22438304, guid: 427a7510ca915f342b3163b914ddd08e, type: 3}
      propertyPath: m_LocalPosition.z
      value: 0
      objectReference: {fileID: 0}
    - target: {fileID: 22438304, guid: 427a7510ca915f342b3163b914ddd08e, type: 3}
      propertyPath: m_LocalRotation.w
      value: 1
      objectReference: {fileID: 0}
    - target: {fileID: 22438304, guid: 427a7510ca915f342b3163b914ddd08e, type: 3}
      propertyPath: m_LocalRotation.x
      value: 0
      objectReference: {fileID: 0}
    - target: {fileID: 22438304, guid: 427a7510ca915f342b3163b914ddd08e, type: 3}
      propertyPath: m_LocalRotation.y
      value: 0
      objectReference: {fileID: 0}
    - target: {fileID: 22438304, guid: 427a7510ca915f342b3163b914ddd08e, type: 3}
      propertyPath: m_LocalRotation.z
      value: 0
      objectReference: {fileID: 0}
    - target: {fileID: 22438304, guid: 427a7510ca915f342b3163b914ddd08e, type: 3}
      propertyPath: m_AnchoredPosition.x
      value: 0
      objectReference: {fileID: 0}
    - target: {fileID: 22438304, guid: 427a7510ca915f342b3163b914ddd08e, type: 3}
      propertyPath: m_AnchoredPosition.y
      value: 0
      objectReference: {fileID: 0}
    - target: {fileID: 224000010421406274, guid: 427a7510ca915f342b3163b914ddd08e,
        type: 3}
      propertyPath: m_AnchoredPosition.x
      value: 0
      objectReference: {fileID: 0}
    m_RemovedComponents: []
  m_SourcePrefab: {fileID: 100100000, guid: 427a7510ca915f342b3163b914ddd08e, type: 3}
--- !u!1 &851045610
GameObject:
  m_ObjectHideFlags: 0
  m_CorrespondingSourceObject: {fileID: 0}
  m_PrefabInstance: {fileID: 0}
  m_PrefabAsset: {fileID: 0}
  serializedVersion: 6
  m_Component:
  - component: {fileID: 851045612}
  - component: {fileID: 851045611}
  m_Layer: 0
  m_Name: Directional Light
  m_TagString: Untagged
  m_Icon: {fileID: 0}
  m_NavMeshLayer: 0
  m_StaticEditorFlags: 0
  m_IsActive: 1
--- !u!108 &851045611
Light:
  m_ObjectHideFlags: 0
  m_CorrespondingSourceObject: {fileID: 0}
  m_PrefabInstance: {fileID: 0}
  m_PrefabAsset: {fileID: 0}
  m_GameObject: {fileID: 851045610}
  m_Enabled: 1
  serializedVersion: 10
  m_Type: 1
  m_Shape: 0
  m_Color: {r: 1, g: 0.90360004, b: 0.759, a: 1}
  m_Intensity: 1.25
  m_Range: 10
  m_SpotAngle: 30
  m_InnerSpotAngle: 21.80208
  m_CookieSize: 10
  m_Shadows:
    m_Type: 2
    m_Resolution: -1
    m_CustomResolution: -1
    m_Strength: 0.905
    m_Bias: 0.05
    m_NormalBias: 0.4
    m_NearPlane: 0.2
    m_CullingMatrixOverride:
      e00: 1
      e01: 0
      e02: 0
      e03: 0
      e10: 0
      e11: 1
      e12: 0
      e13: 0
      e20: 0
      e21: 0
      e22: 1
      e23: 0
      e30: 0
      e31: 0
      e32: 0
      e33: 1
    m_UseCullingMatrixOverride: 0
  m_Cookie: {fileID: 0}
  m_DrawHalo: 0
  m_Flare: {fileID: 12100000, guid: 54fbbf098d116effa00081aba8ad6659, type: 2}
  m_RenderMode: 0
  m_CullingMask:
    serializedVersion: 2
    m_Bits: 4294967295
  m_RenderingLayerMask: 1
  m_Lightmapping: 1
  m_LightShadowCasterMode: 0
  m_AreaSize: {x: 1, y: 1}
  m_BounceIntensity: 1
  m_ColorTemperature: 6570
  m_UseColorTemperature: 0
  m_BoundingSphereOverride: {x: 0, y: 0, z: 0, w: 0}
  m_UseBoundingSphereOverride: 0
  m_UseViewFrustumForShadowCasterCull: 1
  m_ShadowRadius: 0
  m_ShadowAngle: 0
--- !u!4 &851045612
Transform:
  m_ObjectHideFlags: 0
  m_CorrespondingSourceObject: {fileID: 0}
  m_PrefabInstance: {fileID: 0}
  m_PrefabAsset: {fileID: 0}
  m_GameObject: {fileID: 851045610}
  m_LocalRotation: {x: 0.09379456, y: -0.8685185, z: 0.18017767, w: 0.4521221}
  m_LocalPosition: {x: 18881.836, y: 8929.579, z: 14696.366}
  m_LocalScale: {x: 1, y: 1, z: 1}
  m_Children: []
  m_Father: {fileID: 0}
  m_RootOrder: 4
  m_LocalEulerAnglesHint: {x: 23.44, y: -125, z: 0}
--- !u!1001 &1026362419
PrefabInstance:
  m_ObjectHideFlags: 0
  serializedVersion: 2
  m_Modification:
    m_TransformParent: {fileID: 0}
    m_Modifications:
    - target: {fileID: 4000010577892816, guid: fea3246e74111904ea3655811799db29, type: 3}
      propertyPath: m_RootOrder
      value: 6
      objectReference: {fileID: 0}
    - target: {fileID: 4000010577892816, guid: fea3246e74111904ea3655811799db29, type: 3}
      propertyPath: m_LocalPosition.x
      value: 0
      objectReference: {fileID: 0}
    - target: {fileID: 4000010577892816, guid: fea3246e74111904ea3655811799db29, type: 3}
      propertyPath: m_LocalPosition.y
      value: 0
      objectReference: {fileID: 0}
    - target: {fileID: 4000010577892816, guid: fea3246e74111904ea3655811799db29, type: 3}
      propertyPath: m_LocalPosition.z
      value: 0
      objectReference: {fileID: 0}
    - target: {fileID: 4000010577892816, guid: fea3246e74111904ea3655811799db29, type: 3}
      propertyPath: m_LocalRotation.w
      value: 1
      objectReference: {fileID: 0}
    - target: {fileID: 4000010577892816, guid: fea3246e74111904ea3655811799db29, type: 3}
      propertyPath: m_LocalRotation.x
      value: 0
      objectReference: {fileID: 0}
    - target: {fileID: 4000010577892816, guid: fea3246e74111904ea3655811799db29, type: 3}
      propertyPath: m_LocalRotation.y
      value: 0
      objectReference: {fileID: 0}
    - target: {fileID: 4000010577892816, guid: fea3246e74111904ea3655811799db29, type: 3}
      propertyPath: m_LocalRotation.z
      value: 0
      objectReference: {fileID: 0}
    m_RemovedComponents: []
  m_SourcePrefab: {fileID: 100100000, guid: fea3246e74111904ea3655811799db29, type: 3}
--- !u!4 &1105186728 stripped
Transform:
  m_CorrespondingSourceObject: {fileID: 3350279610280791796, guid: 8996faacd7dc8c640930485503cbc5b3,
    type: 3}
  m_PrefabInstance: {fileID: 3350279611351728476}
  m_PrefabAsset: {fileID: 0}
--- !u!1 &1432446604 stripped
GameObject:
  m_CorrespondingSourceObject: {fileID: 100000, guid: 780611a67e8e941a2b3aa96e5915a793,
    type: 3}
  m_PrefabInstance: {fileID: 334540251}
  m_PrefabAsset: {fileID: 0}
--- !u!1 &1586947714
GameObject:
  m_ObjectHideFlags: 0
  m_CorrespondingSourceObject: {fileID: 0}
  m_PrefabInstance: {fileID: 0}
  m_PrefabAsset: {fileID: 0}
  serializedVersion: 6
  m_Component:
  - component: {fileID: 1586947716}
  - component: {fileID: 1586947715}
  m_Layer: 0
  m_Name: Lock&Hide Cursor
  m_TagString: Untagged
  m_Icon: {fileID: 0}
  m_NavMeshLayer: 0
  m_StaticEditorFlags: 0
  m_IsActive: 1
--- !u!114 &1586947715
MonoBehaviour:
  m_ObjectHideFlags: 0
  m_CorrespondingSourceObject: {fileID: 0}
  m_PrefabInstance: {fileID: 0}
  m_PrefabAsset: {fileID: 0}
  m_GameObject: {fileID: 1586947714}
  m_Enabled: 1
  m_EditorHideFlags: 0
  m_Script: {fileID: 11500000, guid: 524d0d21e23894b42915a1cf8c12eb7b, type: 3}
  m_Name: 
  m_EditorClassIdentifier: 
--- !u!4 &1586947716
Transform:
  m_ObjectHideFlags: 0
  m_CorrespondingSourceObject: {fileID: 0}
  m_PrefabInstance: {fileID: 0}
  m_PrefabAsset: {fileID: 0}
  m_GameObject: {fileID: 1586947714}
  m_LocalRotation: {x: 0, y: 0, z: 0, w: 1}
  m_LocalPosition: {x: 481.17654, y: 94.85398, z: 189.6613}
  m_LocalScale: {x: 1, y: 1, z: 1}
  m_Children: []
  m_Father: {fileID: 0}
  m_RootOrder: 5
  m_LocalEulerAnglesHint: {x: 0, y: 0, z: 0}
--- !u!1001 &809728081996476190
PrefabInstance:
  m_ObjectHideFlags: 0
  serializedVersion: 2
  m_Modification:
    m_TransformParent: {fileID: 0}
    m_Modifications:
    - target: {fileID: 809728082204773947, guid: ccc6e10a430ad2f40b069f39ca221b32,
        type: 3}
      propertyPath: m_Name
      value: Brick Wall
      objectReference: {fileID: 0}
    - target: {fileID: 809728082205035939, guid: ccc6e10a430ad2f40b069f39ca221b32,
        type: 3}
      propertyPath: m_RootOrder
      value: 3
      objectReference: {fileID: 0}
    - target: {fileID: 809728082205035939, guid: ccc6e10a430ad2f40b069f39ca221b32,
        type: 3}
      propertyPath: m_LocalPosition.x
      value: 115.41557
      objectReference: {fileID: 0}
    - target: {fileID: 809728082205035939, guid: ccc6e10a430ad2f40b069f39ca221b32,
        type: 3}
      propertyPath: m_LocalPosition.y
      value: 13.23
      objectReference: {fileID: 0}
    - target: {fileID: 809728082205035939, guid: ccc6e10a430ad2f40b069f39ca221b32,
        type: 3}
      propertyPath: m_LocalPosition.z
      value: 141.90012
      objectReference: {fileID: 0}
    - target: {fileID: 809728082205035939, guid: ccc6e10a430ad2f40b069f39ca221b32,
        type: 3}
      propertyPath: m_LocalRotation.w
      value: 0.7071068
      objectReference: {fileID: 0}
    - target: {fileID: 809728082205035939, guid: ccc6e10a430ad2f40b069f39ca221b32,
        type: 3}
      propertyPath: m_LocalRotation.x
      value: -0
      objectReference: {fileID: 0}
    - target: {fileID: 809728082205035939, guid: ccc6e10a430ad2f40b069f39ca221b32,
        type: 3}
      propertyPath: m_LocalRotation.y
      value: -0.70710677
      objectReference: {fileID: 0}
    - target: {fileID: 809728082205035939, guid: ccc6e10a430ad2f40b069f39ca221b32,
        type: 3}
      propertyPath: m_LocalRotation.z
      value: -0
      objectReference: {fileID: 0}
    - target: {fileID: 809728082205035939, guid: ccc6e10a430ad2f40b069f39ca221b32,
        type: 3}
      propertyPath: m_LocalEulerAnglesHint.x
      value: 0
      objectReference: {fileID: 0}
    - target: {fileID: 809728082205035939, guid: ccc6e10a430ad2f40b069f39ca221b32,
        type: 3}
      propertyPath: m_LocalEulerAnglesHint.y
      value: -90.00001
      objectReference: {fileID: 0}
    - target: {fileID: 809728082205035939, guid: ccc6e10a430ad2f40b069f39ca221b32,
        type: 3}
      propertyPath: m_LocalEulerAnglesHint.z
      value: 0
      objectReference: {fileID: 0}
    m_RemovedComponents: []
  m_SourcePrefab: {fileID: 100100000, guid: ccc6e10a430ad2f40b069f39ca221b32, type: 3}
--- !u!1001 &3350279611351728476
PrefabInstance:
  m_ObjectHideFlags: 0
  serializedVersion: 2
  m_Modification:
    m_TransformParent: {fileID: 0}
    m_Modifications:
    - target: {fileID: 3350279610280528458, guid: 8996faacd7dc8c640930485503cbc5b3,
        type: 3}
      propertyPath: m_Name
      value: RTCTank
      objectReference: {fileID: 0}
    - target: {fileID: 3350279610280791796, guid: 8996faacd7dc8c640930485503cbc5b3,
        type: 3}
      propertyPath: m_RootOrder
      value: 1
      objectReference: {fileID: 0}
    - target: {fileID: 3350279610280791796, guid: 8996faacd7dc8c640930485503cbc5b3,
        type: 3}
      propertyPath: m_LocalPosition.x
      value: 70.75
      objectReference: {fileID: 0}
    - target: {fileID: 3350279610280791796, guid: 8996faacd7dc8c640930485503cbc5b3,
        type: 3}
      propertyPath: m_LocalPosition.y
      value: 3
      objectReference: {fileID: 0}
    - target: {fileID: 3350279610280791796, guid: 8996faacd7dc8c640930485503cbc5b3,
        type: 3}
      propertyPath: m_LocalPosition.z
      value: 139.32
      objectReference: {fileID: 0}
    - target: {fileID: 3350279610280791796, guid: 8996faacd7dc8c640930485503cbc5b3,
        type: 3}
      propertyPath: m_LocalRotation.w
      value: 0.7227244
      objectReference: {fileID: 0}
    - target: {fileID: 3350279610280791796, guid: 8996faacd7dc8c640930485503cbc5b3,
        type: 3}
      propertyPath: m_LocalRotation.x
      value: 0.006542311
      objectReference: {fileID: 0}
    - target: {fileID: 3350279610280791796, guid: 8996faacd7dc8c640930485503cbc5b3,
        type: 3}
      propertyPath: m_LocalRotation.y
      value: 0.6910772
      objectReference: {fileID: 0}
    - target: {fileID: 3350279610280791796, guid: 8996faacd7dc8c640930485503cbc5b3,
        type: 3}
      propertyPath: m_LocalRotation.z
      value: -0.0062453197
      objectReference: {fileID: 0}
    - target: {fileID: 3350279610280791796, guid: 8996faacd7dc8c640930485503cbc5b3,
        type: 3}
      propertyPath: m_LocalEulerAnglesHint.x
      value: 0
      objectReference: {fileID: 0}
    - target: {fileID: 3350279610280791796, guid: 8996faacd7dc8c640930485503cbc5b3,
        type: 3}
      propertyPath: m_LocalEulerAnglesHint.y
      value: 0
      objectReference: {fileID: 0}
    - target: {fileID: 3350279610280791796, guid: 8996faacd7dc8c640930485503cbc5b3,
        type: 3}
      propertyPath: m_LocalEulerAnglesHint.z
      value: 0
      objectReference: {fileID: 0}
    - target: {fileID: 3350279610286751330, guid: 8996faacd7dc8c640930485503cbc5b3,
        type: 3}
      propertyPath: m_Material
      value: 
      objectReference: {fileID: 13400000, guid: 2f0051c0816aede488419a92df674d2d,
        type: 2}
    - target: {fileID: 3350279610286887770, guid: 8996faacd7dc8c640930485503cbc5b3,
        type: 3}
      propertyPath: m_Material
      value: 
      objectReference: {fileID: 13400000, guid: 2f0051c0816aede488419a92df674d2d,
        type: 2}
    m_RemovedComponents: []
  m_SourcePrefab: {fileID: 100100000, guid: 8996faacd7dc8c640930485503cbc5b3, type: 3}
--- !u!1001 &3482925696457076748
PrefabInstance:
  m_ObjectHideFlags: 0
  serializedVersion: 2
  m_Modification:
    m_TransformParent: {fileID: 0}
    m_Modifications:
    - target: {fileID: 3482925697591627556, guid: 23ab309dd04b8534aae6a1ebc0eb90f1,
        type: 3}
      propertyPath: currentTank
      value: 
      objectReference: {fileID: 1105186728}
    - target: {fileID: 3482925697602345002, guid: 23ab309dd04b8534aae6a1ebc0eb90f1,
        type: 3}
      propertyPath: m_Name
      value: RTCMainCamera
      objectReference: {fileID: 0}
    - target: {fileID: 3482925697602641898, guid: 23ab309dd04b8534aae6a1ebc0eb90f1,
        type: 3}
      propertyPath: m_RootOrder
      value: 0
      objectReference: {fileID: 0}
    - target: {fileID: 3482925697602641898, guid: 23ab309dd04b8534aae6a1ebc0eb90f1,
        type: 3}
      propertyPath: m_LocalPosition.x
      value: 81.017654
      objectReference: {fileID: 0}
    - target: {fileID: 3482925697602641898, guid: 23ab309dd04b8534aae6a1ebc0eb90f1,
        type: 3}
      propertyPath: m_LocalPosition.y
      value: 7.5589514
      objectReference: {fileID: 0}
    - target: {fileID: 3482925697602641898, guid: 23ab309dd04b8534aae6a1ebc0eb90f1,
        type: 3}
      propertyPath: m_LocalPosition.z
      value: 134.52039
      objectReference: {fileID: 0}
    - target: {fileID: 3482925697602641898, guid: 23ab309dd04b8534aae6a1ebc0eb90f1,
        type: 3}
      propertyPath: m_LocalRotation.w
      value: -0.8667952
      objectReference: {fileID: 0}
    - target: {fileID: 3482925697602641898, guid: 23ab309dd04b8534aae6a1ebc0eb90f1,
        type: 3}
      propertyPath: m_LocalRotation.x
      value: -0.12729359
      objectReference: {fileID: 0}
    - target: {fileID: 3482925697602641898, guid: 23ab309dd04b8534aae6a1ebc0eb90f1,
        type: 3}
      propertyPath: m_LocalRotation.y
      value: 0.47702724
      objectReference: {fileID: 0}
    - target: {fileID: 3482925697602641898, guid: 23ab309dd04b8534aae6a1ebc0eb90f1,
        type: 3}
      propertyPath: m_LocalRotation.z
      value: -0.070054
      objectReference: {fileID: 0}
    - target: {fileID: 3482925697602641898, guid: 23ab309dd04b8534aae6a1ebc0eb90f1,
        type: 3}
      propertyPath: m_LocalEulerAnglesHint.x
      value: 0
      objectReference: {fileID: 0}
    - target: {fileID: 3482925697602641898, guid: 23ab309dd04b8534aae6a1ebc0eb90f1,
        type: 3}
      propertyPath: m_LocalEulerAnglesHint.y
      value: 0
      objectReference: {fileID: 0}
    - target: {fileID: 3482925697602641898, guid: 23ab309dd04b8534aae6a1ebc0eb90f1,
        type: 3}
      propertyPath: m_LocalEulerAnglesHint.z
      value: 0
      objectReference: {fileID: 0}
    m_RemovedComponents: []
  m_SourcePrefab: {fileID: 100100000, guid: 23ab309dd04b8534aae6a1ebc0eb90f1, type: 3}
